<?xml version="1.0" encoding="UTF-8"?>
<collection xmlns="http://www.loc.gov/MARC21/slim" xmlns:xsi="http://www.w3.org/2001/XMLSchema-instance" xmlns:marc="http://www.loc.gov/MARC21/slim" xsi:schemaLocation="http://www.loc.gov/MARC21/slim http://www.loc.gov/standards/marcxml/schema/MARC21slim.xsd">
   <record>
      <marc:leader>00954cas a2200289 a 4500</marc:leader>
      <marc:controlfield tag="001">2612861</marc:controlfield>
      <marc:controlfield tag="005">20140602104633.0</marc:controlfield>
      <marc:controlfield tag="008">771129d19151915enker p       0   a0eng u</marc:controlfield>
      <marc:datafield tag="019" ind1=" " ind2=" ">
         <marc:subfield code="a">12372370</marc:subfield>
      </marc:datafield>
      <marc:datafield tag="035" ind1=" " ind2=" ">
         <marc:subfield code="a">(OCoLC)ocm03451506</marc:subfield>
      </marc:datafield>
      <marc:datafield tag="035" ind1=" " ind2=" ">
         <marc:subfield code="9">CML4328TS</marc:subfield>
      </marc:datafield>
      <marc:datafield tag="040" ind1=" " ind2=" ">
         <marc:subfield code="c">MUL</marc:subfield>
         <marc:subfield code="d">OCL</marc:subfield>
         <marc:subfield code="d">NYS</marc:subfield>
         <marc:subfield code="d">OCL</marc:subfield>
         <marc:subfield code="d">PUL</marc:subfield>
      </marc:datafield>
      <marc:datafield tag="130" ind1="0" ind2=" ">
         <marc:subfield code="a">Signature (1915)</marc:subfield>
      </marc:datafield>
      <marc:datafield tag="245" ind1="0" ind2="4">
         <marc:subfield code="a">The Signature.</marc:subfield>
      </marc:datafield>
      <marc:datafield tag="260" ind1=" " ind2=" ">
         <marc:subfield code="a">London :</marc:subfield>
         <marc:subfield code="b">[The Signature,</marc:subfield>
         <marc:subfield code="c">1915].</marc:subfield>
      </marc:datafield>
      <marc:datafield tag="300" ind1=" " ind2=" ">
         <marc:subfield code="a">3 v. ;</marc:subfield>
         <marc:subfield code="c">22 cm.</marc:subfield>
      </marc:datafield>
      <marc:datafield tag="310" ind1=" " ind2=" ">
         <marc:subfield code="a">Biweekly</marc:subfield>
      </marc:datafield>
      <marc:datafield tag="362" ind1="0" ind2=" ">
         <marc:subfield code="a">No. 1 (4 Oct. 1915)-no. 3 (1 Nov. 1915).</marc:subfield>
      </marc:datafield>
      <marc:datafield tag="500" ind1=" " ind2=" ">
         <marc:subfield code="a">Edited by D.H. Lawrence, Katherine Mansfield and John Middleton Murry.</marc:subfield>
      </marc:datafield>
      <marc:datafield tag="590" ind1=" " ind2=" ">
         <marc:subfield code="a">In portfolio.</marc:subfield>
      </marc:datafield>
      <marc:datafield tag="500" ind1=" " ind2=" ">
         <marc:subfield code="a">"Published by subscription only."</marc:subfield>
      </marc:datafield>
      <datafield tag="599" ind1=" " ind2=" ">
         <subfield code="a">ark:/88435/5m60qv57g</subfield>
         <subfield code="b">bmtnaba_1915-11-01_01</subfield>
         <subfield code="v">no.3 1915-11-01</subfield>
      </datafield>
      <marc:datafield tag="700" ind1="1" ind2=" ">
         <marc:subfield code="a">Lawrence, D. H.</marc:subfield>
         <marc:subfield code="q">(David Herbert),</marc:subfield>
         <marc:subfield code="d">1885-1930,</marc:subfield>
         <marc:subfield code="e">ed.</marc:subfield>
      </marc:datafield>
      <marc:datafield tag="700" ind1="1" ind2=" ">
         <marc:subfield code="a">Mansfield, Katherine,</marc:subfield>
         <marc:subfield code="d">1888-1923,</marc:subfield>
         <marc:subfield code="e">ed.</marc:subfield>
      </marc:datafield>
      <marc:datafield tag="700" ind1="1" ind2=" ">
         <marc:subfield code="a">Murry, John Middleton,</marc:subfield>
         <marc:subfield code="d">1889-1957,</marc:subfield>
         <marc:subfield code="e">ed.</marc:subfield>
      </marc:datafield>
      <marc:datafield tag="856" ind1="4" ind2="1">
         <marc:subfield code="u">http://arks.princeton.edu/ark:/88435/jw827d05r</marc:subfield>
      </marc:datafield>
      <marc:datafield tag="945" ind1=" " ind2=" ">
         <marc:subfield code="a">EX</marc:subfield>
         <marc:subfield code="b">1</marc:subfield>
         <marc:subfield code="c">0901.641</marc:subfield>
         <marc:subfield code="e">no.1-3</marc:subfield>
      </marc:datafield>
      <marc:datafield tag="911" ind1=" " ind2=" ">
         <marc:subfield code="a">19991112</marc:subfield>
      </marc:datafield>
   </record>
</collection>
